@article{greedy-tsp,
    author = "Gutin, G. and Yeo, A. and Zverovich, A.",
    title = "{Traveling salesman should not be greedy: domination analysis of greedy-type heuristics for TSP}",
    journal = "Discrete Applied Mathematics",
    number = "117",
    year = "2002",
    pages = "81--86"
}

@book{matroid-theory,
    author = "Oxley, James G.",
    title = "{Matroid Theory}",
    year = "1992",
    publisher = "Oxford University Press",
    address = "New York"
}

@book{clrs,
    author = "Cormen, Thomas H. and Leiserson, Charles E. and Rivest, Ronald L. and Stein, Clifford",
    title = "{Introduction to Algorithms}",
    edition = "Third",
    year = "2009",
    publisher = "The MIT Press",
    address = "55 Hayward Street, Cambridge, Massachusetts"
}
